%Bibliography file


@article{Strong,
    author  = "A. W. Strong",
    title   = "{S}ource population synthesis and the {G}alactic diffuse gamma-ray emission",
    year    = "2007",
    journal = "Astrophysics and Space Science",
    volume  = "309",
%    number  = "?",
    pages   = "35"
}

@article{1fhl,
    author  = "{The Fermi-LAT Collaboration}",
    title   = "The {F}irst {Fermi-LAT} {C}atalog of {S}ources {A}bove 10 {GeV}",
    year    = "2013",
    journal = "Astrophysical Journal Supplement Series",
    volume  = "209",
    number  = "2",
    pages   = "34"
}

@article{2fgl,
    author  = "{The Fermi-LAT Collaboration}",
    title   = "{F}ermi {L}arge {A}rea {T}elescope {S}econd {S}ource {C}atalog",
    year    = "2012",
    journal = "Astrophysical Journal Supplement Series",
    volume  = "199",
    number  = "2",
    pages   = "31"
}

@inproceedings{hgps,
    author    = "Carrigan, S. and Brun, F. and Chaves, R.C.G. and Deil, C. and Donath, A. and Gast, H. and Marandon, V. and {M. Renaud for the H.E.S.S. Collaboration}",
    title     = "The {H.E.S.S.} {G}alactic {P}lane {S}urvey",
    booktitle = "Proceedings of the 33rd International Cosmic Ray Conference",
    %editor   = "",
    %volume   = "",
    %number   = "",
    %series   = "",
    %pages    = "",
    %address  = "",
    year      = "2013",
    %month    = "",
    %publisher= "",
    %note     = "",
}

@inproceedings{Egberts,
    author    = "K. Egberts and F. Brun and S. Casanova and W. Hofmann and M. de Naurois and O. Reimer and Q. Weitzel for the {H.E.S.S. Collaboration} and Y. Fukui",
    title     = "Diffuse {TeV} Gamma-Ray Emission in the {H.E.S.S.} Galactic Plane Survey",
    booktitle = "Proceedings of the 33rd International Cosmic Ray Conference",
    %editor   = "",
    %volume   = "",
    %number   = "",
    %series   = "",
    %pages    = "",
    %address  = "",
    year      = "2013",
    %month    = "",
    %publisher= "",
    %note     = "",
}

@misc{Fermidiffuse,
      author = "{The Fermi-LAT Collaboration}",
      title = "{LAT} {B}ackground {M}odels",
      month = "June",
      year = "2014",
      note = "[Online]. Available at \url{http://fermi.gsfc.nasa.gov/ssc/data/access/lat/BackgroundModels.html}"
}

@inproceedings{Deil,
    author    = "C. Deil and A. Donath and E. Owen and R. Terrier and R. B{\"{u}}hler",
    title     = "{G}ammapy {0.1}: {G}amma-ray astronomy with {P}ython",
    booktitle = "{P}roceedings of the {S}eventh {E}uropean {C}onference on {P}ython in {S}cience (in preparation)"
    %editor   = "",
    %volume   = "",
    %number   = "",
    %series   = "",
    %pages    = "",
    %address  = "",
    year      = "2014",
    %month    = "",
    %publisher= "",
    %note     = "",
}
